
MOREabrv.bib

@STRING{PROC_IEEE_ICASSP   = "Proc. {IEEE} Int. Conf. Acoustics, Speech, and Signal Process. (ICASSP)"}
@STRING{PROC_INTERSPEECH   = "Proc. {ISCA} Conf. Int. Speech Commun. Assoc. (INTERSPEECH)"}
@STRING{PROC_EUROSPEECH    = "Proc. {ISCA} European Conf. Speech Commun. and Technology (EUROSPEECH)"}
@STRING{PROC_EUSIPCO       = "Proc. {EURASIP} European Signal Process. Conf. (EUSIPCO)"}
@STRING{PROC_IEEE_ASRU     = "Proc. {IEEE} Workshop Automatic Speech Recognition and Understanding (ASRU)"}
@STRING{PROC_TSD           = "Proc. Int. Conf. Text, Speech, and Dialogue (TSD)"}
@STRING{PROC_ICSLP         = "Proc. Int. Conf. Spoken Language Process. (ICSLP)"}
@STRING{PROC_ICPHS         = "Proc. Int. Congr. Phonetic Sci. (ICPhS)"}
@STRING{PROC_ITRW          = "Proc. {ISCA} Tutorial and Research Workshop (ITRW)"}
@STRING{PROC_ODYSSEY       = "Proc. {ISCA} Speaker and Language Recognition Workshop (ODYSSEY)"}
@STRING{PROC_SST           = "Proc. {ISCA} Australian Conf. Speech Science and Technology (SST)"}
@STRING{PROC_GSERC         = "Proc. Griffith School of Engineering Research Conference (GSERC)"}

@STRING{PROC_IWAENC        = "Proc. Int. Workshop Acoustic Echo and Noise Control (IWAENC)"}

@STRING{PROC_PNAS          = "Proc. Natl. Acad. Sci. USA"}
@STRING{PROC_RSL_BIOL_SCI  = "Proc. R. Soc. Lond. B Biol. Sci."}

@STRING{AIP_J_AP           = "J. Appl. Phys."},
@STRING{J_BSTJ             = "Bell Sys. Tech. J."}
@STRING{J_AST              = "Acoust. Sci. Tech."}
@STRING{J_JASA             = "J. Acoust. Soc. Amer."}
@STRING{J_ACUSTICA         = "Acustica"}
@STRING{J_NEUROSCI         = "J. Neurosci."}
@STRING{J_NEUROPHYSIOL     = "J. Neurophysiol."}
@STRING{J_NCNS             = "Network: Computation in Neural Systems"}
@STRING{J_CELL_BIOL        = "J. Cell Biol."}
@STRING{J_PRL              = "Pattern Recog. Lett."}
@STRING{J_EL               = "Electronic Lett."}
@STRING{J_LETT_JASA        = "Lett. J. Acoust. Soc. Amer."}
@STRING{J_SPECOMM          = "Speech Communication"}
@STRING{J_DSP              = "Digital Signal Process."}
@STRING{J_SP               = "Signal Process."}
@STRING{J_SPIC             = "Signal Process.: Image Commun."}
@STRING{J_ACTA_OL          = "Acta Oto-laryngologica"}
@STRING{J_NATURE           = "Nature"}
@STRING{J_SCIENCE          = "Science"}
@STRING{J_EH               = "Ear and Hear."}
@STRING{J_SHR              = "J. Speech Hear. Res."}
@STRING{J_HR               = "Hear. Res."}
@STRING{J_PANS             = "Proc. Nat. Acad. Sci."}
@STRING{J_AUDIOLOGY        = "Audiology"}
@STRING{EURASIP_J_ASP      = "EURASIP J. Appl. Signal Process."}

@STRING{IEEE_J_ASLP        = "{IEEE} Trans. Audio, Speech, Lang. Process."}
@STRING{IEEE_J_IRE         = "Proc. IRE"}

@PREAMBLE{ {\providecommand{\noopsort}[1]{}} }





@String{pub-ANSI                = "American National Standards Institute"}
@String{pub-ANSI:adr            = "New York, NY, USA"}

@String{pub-AW                  = "Ad{\-d}i{\-s}on-Wes{\-l}ey"}
@String{pub-AW:adr              = "Reading, MA, USA"}

@String{pub-BENCUM              = "Benjamin/Cummings"}
@String{pub-BENCUM:adr          = "Redwood City, CA, USA"}

@String{pub-ELLIS-HORWOOD       = "Ellis Horwood"}
@String{pub-ELLIS-HORWOOD:adr   = "New York, NY, USA"}

@String{pub-GRAPHICCOMM         = "Graphic Communications Association"}
@String{pub-GRAPHICCOMM:adr     = "Alexandria, VA, USA"}

@String{pub-IEEE                = "IEEE Computer Society"}
@String{pub-IEEE:adr            = "New York, NY, USA"}

@String{pub-ISO                 = "International Organization for Standardization"}
@String{pub-ISO:adr             = "Geneva, Switzerland"}

@String{pub-JSA                 = "Japanese Standards Association"}
@String{pub-JSA:adr             = "Tokyo, Japan"}

@String{pub-OMH                 = "Osborne\slash Mc{\-}Graw-Hill"}
@String{pub-OMH:adr             = "Berkeley, CA, USA"}

@String{pub-ORA                 = "O'Reilly \& {Associates, Inc.}"}
@String{pub-ORA:adr             = "Newton, MA, USA"}

@String{pub-PH                  = "Pren{\-}tice-Hall"}
@String{pub-PH:adr              = "Englewood Cliffs, NJ, USA"}

@String{pub-PLUMHALL            = "Plum Hall"}
@String{pub-PLUMHALL:adr        = "Cardiff, NJ, USA"}

@String{pub-SV                  = "Spring{\-}er-Ver{\-}lag"}
@String{pub-SV:adr              = "Berlin, Germany"}

@String{pub-TRANSACTION         = "Transaction Publishers, Rutgers University"}
@String{pub-TRANSACTION:adr     = "New Brunswick, NJ, USA"}

@String{pub-WI                  = "Wiley-In{\-}ter{\-}sci{\-}ence"}
@String{pub-WI:adr              = "New York, NY, USA"}


