@article{dehak2011front,
  title={Front-end factor analysis for speaker verification},
  author={Dehak, Najim and Kenny, Patrick J and Dehak, R{\'e}da and Dumouchel, Pierre and Ouellet, Pierre},
  journal={Audio, Speech, and Language Processing, IEEE Transactions on},
  volume={19},
  number={4},
  pages={788--798},
  year={2011}
}

@inproceedings{prince2007probabilistic,
  title={Probabilistic linear discriminant analysis for inferences about identity},
  author={Prince, Simon JD and Elder, James H},
  booktitle={Computer Vision, 2007. ICCV 2007. IEEE 11th International Conference on},
  pages={1--8},
  year={2007}
}

@inproceedings{kenny2010bayesian,
  title={Bayesian speaker verification with heavy tailed priors},
  author={Kenny, Patrick},
  booktitle={Speaker and Language Recognition Workshop (IEEE Odyssey)},
  year={2010}
}

@inproceedings{hasan2013crss,
  title={{CRSS} systems for 2012 {NIST} speaker recognition evaluation},
  author={Hasan, Taufiq and Sadjadi, Seyed Omid and Liu, Gang and Shokouhi, Navid and Boril, Hynek and Hansen, John HL},
  booktitle={Proc. of ICASSP},
  pages={6784--6786},
  year={2013}
}

@inproceedings{liu2013investigation,
  title={An investigation on back-end for speaker recognition in multi-session enrollment},
  author={Liu, Gang and Hasan, Taufiq and Boril, H and Hansen, JH},
  booktitle={Proc. of ICASSP},
  pages={7755--7759},
  year={2013}
}

@article{hasan2012factor,
  title={Factor analysis of acoustic features using a mixture of probabilistic principal component analyzers for robust speaker verification},
  author={Hasan, Taufiq and Hansen, John HL},
  journal={Proc. Odyssey, Singapore},
  year={2012}
}

@inproceedings{mandasari2012effect,
  title={The effect of noise on modern automatic speaker recognition systems},
  author={Mandasari, Miranti Indar and McLaren, Mitchell and van Leeuwen, David A},
  booktitle={Proc. of ICASSP},
  pages={4249--4252},
  year={2012}
}


@inproceedings{leinoise,
  title={A NOISE ROBUST I-VECTOR EXTRACTOR USING VECTOR TAYLOR SERIES FOR SPEAKER RECOGNITION},
  author={Lei, Yun and Burget, Luk{\'a}{\v{s}} and Scheffer, Nicolas},
  booktitle={Proc. of ICASSP},
  pages={6788--6791},
  year={2013}
}

@inproceedings{garcia2012multicondition,
  title={Multicondition training of Gaussian PLDA models in i-vector space for noise and reverberation robust speaker recognition},
  author={Garcia-Romero, Daniel and Zhou, Xinhui and Espy-Wilson, Carol Y},
  booktitle={Proc. of ICASSP},
  pages={4257--4260},
  year={2012}
}

@inproceedings{liu2012robust,
  title={Robust feature front-end for speaker identification},
  author={Liu, Gang and Lei, Yun and Hansen, John HL},
  booktitle={Proc. of ICASSP},
  pages={4233--4236},
  year={2012}
}

@inproceedings{sangwanhouston,
  title={‘{Houston, We have a solution’: Using NASA Apollo Program to advance Speech and Language Processing Technology}},
  author={Sangwan, Abhijeet and Kaushik, Lakshmish and Yu, Chengzhu and Hansen, John HL and Oard, Douglas W},
  booktitle={Proc. of INTERSPEECH},
  pages={1135--1139},
  year={2013}
}

@inproceedings{godinimpact,
  title={Impact of Noise Reduction and Spectrum Estimation on Noise Robust Speaker Identification},
  author={Godin, Keith W and Sadjadi, Seyed Omid and Hansen, John HL},
    booktitle={Proc. of INTERSPEECH},
    pages={3656--3660},
    year={2013}
}

@inproceedings{saeidi2012exemplar,
  title={Exemplar-based Sparse Representation and Sparse Discrimination for Noise Robust Speaker Identification},
  author={Saeidi, Rahim and Hurmalainen, Antti and Virtanen, Tuomas and van Leeuwen, David A},
  booktitle={Odyssey speaker and language recognition workshop},
  year={2012}
}

@article{kenny2005eigenvoice,
  title={Eigenvoice modeling with sparse training data},
  author={Kenny, Patrick and Boulianne, Gilles and Dumouchel, Pierre},
  journal={Speech and Audio Processing, IEEE Transactions on},
  volume={13},
  number={3},
  pages={345--354},
  year={2005}
}

@inproceedings{sadjadi2010assessment,
  title={Assessment of single-channel speech enhancement techniques for speaker identification under mismatched conditions.},
  author={Sadjadi, Seyed Omid and Hansen, John HL},
  booktitle={Proc. of INTERSPEECH},
  pages={2138--2141},
  year={2010}
}

@inproceedings{shao2007incorporating,
  title={Incorporating auditory feature uncertainties in robust speaker identification},
  author={Shao, Yang and Srinivasan, Soundararajan and Wang, DeLiang},
  booktitle={Proc. of ICASSP},
  year={2007}
}

@article{ozerov2012uncertainty,
  title={Uncertainty-based learning of acoustic models from noisy data},
  author={Ozerov, Alexey and Lagrange, Mathieu and Vincent, Emmanuel},
  journal={Computer Speech \& Language},
  year={2012}
}

@inproceedings{rajaneffect,
  title={Effect of multicondition training on i-vector {PLDA} configurations for speaker recognition},
  author={Rajan, Padmanabhan and Kinnunen, Tomi and Hautam{\"a}ki, Ville},
    booktitle={Proc. of INTERSPEECH},
    pages={3694--3698},
    year={2013}
}

@inproceedings{hautamakiminimax,
  title={Minimax i-vector extractor for short duration speaker verification},
  author={Hautam{\"a}ki, Ville and Cheng, You-Chi and Rajan, Padmanabhan and Lee, Chin-Hui},
      booktitle={Proc. of INTERSPEECH},
      pages={3708--3712},
      year={2013}
}

@inproceedings{stafylakis500text,
  title={Text-dependent speaker recognition using PLDA with uncertainty propagation},
  author={Stafylakis, T and Kenny, P and Ouellet, P and Perez, J and Kockmann, M and Dumouchel, P},
  booktitle={Proc. of INTERSPEECH},
  pages={3684--3688},
  year={2013}
}

@article{zhao2012variational,
  title={Variational bayesian joint factor analysis models for speaker verification},
  author={Zhao, Xianyu and Dong, Yuan},
  journal={Audio, Speech, and Language Processing, IEEE Transactions on},
  volume={20},
  number={3},
  pages={1032--1042},
  year={2012}
}

@inproceedings{droppo2002uncertainty,
  title={Uncertainty decoding with {SPLICE} for noise robust speech recognition},
  author={Droppo, Jasha and Acero, Alex and Deng, Li},
  booktitle={Proc. of ICASSP},
  year={2002},
}

@inproceedings{liao2005joint,
  title={Joint uncertainty decoding for noise robust speech recognition.},
  author={Liao, Hank and Gales, MJF},
  booktitle={Proc. of INTERSPEECH},
  pages={3129--3132},
  year={2005}
}

%@article{deng2005dynamic,
  title={Dynamic compensation of HMM variances using the feature enhancement uncertainty computed from a parametric model of speech distortion},
  author={Deng, Li and Droppo, Jasha and Acero, Alex},
  journal={Speech and Audio Processing, IEEE Transactions on},
  volume={13},
  number={3},
  pages={412--421},
  year={2005}
}

%@article{delcroix2009static,
  title={Static and dynamic variance compensation for recognition of reverberant speech with dereverberation preprocessing},
  author={Delcroix, Marc and Nakatani, Tomohiro and Watanabe, Shinji},
  journal={Audio, Speech, and Language Processing, IEEE Transactions on},
  volume={17},
  number={2},
  pages={324--334},
  year={2009}
}

@article{astudillo2010uncertainty,
  title={{An uncertainty propagation approach to robust ASR using the ETSI advanced front-end}},
  author={Astudillo, Ramon Fernandez and Kolossa, Dorothea and Mandelartz, Philipp and Orglmeister, Reinhold},
  journal={Selected Topics in Signal Processing, IEEE Journal of},
  volume={4},
  number={5},
  pages={824--833},
  year={2010}
}

@inproceedings{kolossa2005separation,
  title={Separation and robust recognition of noisy, convolutive speech mixtures using time-frequency masking and missing data techniques},
  author={Kolossa, Dorothea and Klimas, Aleksander and Orglmeister, Reinhold},
  booktitle={Applications of Signal Processing to Audio and Acoustics, 2005. IEEE Workshop on},
  pages={82--85},
  year={2005}
}

@inproceedings{saeidi2013i4u,
  title={I4U submission to NIST SRE 2012: A large-scale collaborative effort for noise-robust speaker verification},
  author={Saeidi, R and Lee, KA and Kinnunen, T and Hasan, T and Fauve, B and Bousquet, PM and Khoury, E and Martinez, PL Sordo and Kua, JMK and You, CH and others},
  booktitle={Proc. Interspeech},
  year={2013}
}

@inproceedings{suh2011exploring,
  title={Exploring Hilbert envelope based acoustic features in i-vector speaker verification using HTPLDA},
  author={Suh, Jun-Won and Sadjadi, Seyed Omid and Liu, Gang and Hasan, Taufiq and Godin, Keith W and Hansen, John HL},
  booktitle={Proc. of NIST 2011 Speaker Recognition Evaluation Workshop},
  year={2011}
}

@inproceedings{hasan2012utd,
  title={UTD-CRSS systems for 2012 NIST speaker recognition evaluation},
  author={Hasan, Taufiq and Liu, Gang and Sadjadi, Seyed Omid and Shokouhi, Navid and Bo{\v{r}}il, H and Ziaei, A and Misra, Abhinav and Godin, KW and Hansen, JHL},
  booktitle={Proc. NIST SRE Workshop},
  year={2012}
}

@article{tranter2006overview,
  title={An overview of automatic speaker diarization systems},
  author={Tranter, Sue E and Reynolds, Douglas A},
  journal={IEEE Transactions on Audio, Speech, and Language Processing},
  volume={14},
  number={5},
  pages={1557--1565},
  year={2006},
  publisher={IEEE}
}

@article{anguera2012speaker,
  title={Speaker diarization: A review of recent research},
  author={Anguera, Xavier and Bozonnet, Simon and Evans, Nicholas and Fredouille, Corinne and Friedland, Gerald and Vinyals, Oriol},
  journal={IEEE Transactions on Audio, Speech, and Language Processing},
  volume={20},
  number={2},
  pages={356--370},
  year={2012},
  publisher={IEEE}
}

@inproceedings{reynolds2005approaches,
  title={Approaches and applications of audio diarization},
  author={Reynolds, Douglas A and Torres-Carrasquillo, P},
  booktitle={Proceedings.(ICASSP'05). IEEE International Conference on Acoustics, Speech, and Signal Processing, 2005.},
  volume={5},
  pages={v--953},
  year={2005},
  organization={IEEE}
}

@incollection{wooters2008icsi,
	title={The ICSI RT07s speaker diarization system},
	author={Wooters, Chuck and Huijbregts, Marijn},
	booktitle={Multimodal Technologies for Perception of Humans},
	pages={509--519},
	year={2008},
	publisher={Springer}
}

@inproceedings{sun2010speaker,
	title={Speaker diarization system for RT07 and RT09 meeting room audio.},
	author={Sun, Hanwu and Ma, Bin and Khine, Swe Zin Kalayar and Li, Haizhou},
	booktitle={ICASSP},
	pages={4982--4985},
	year={2010}
}

@article{vijayasenan2009information,
	title={An information theoretic approach to speaker diarization of meeting data},
	author={Vijayasenan, Deepu and Valente, Fabio and Bourlard, Herv{\'e}},
	journal={IEEE transactions on audio, speech, and language processing},
	volume={17},
	number={7},
	pages={1382--1393},
	year={2009},
	publisher={IEEE}
}

@article{meignier2006step,
	title={Step-by-step and integrated approaches in broadcast news speaker diarization},
	author={Meignier, Sylvain and Moraru, Daniel and Fredouille, Corinne and Bonastre, Jean-Fran{\c{c}}ois and Besacier, Laurent},
	journal={Computer Speech \& Language},
	volume={20},
	number={2},
	pages={303--330},
	year={2006},
	publisher={Elsevier}
}

@inproceedings{bozonnet2010lia,
	title={The LIA-EURECOM RT'09 speaker diarization system: enhancements in speaker modelling and cluster purification},
	author={Bozonnet, Simon and Evans, Nicholas WD and Fredouille, Corinne},
	booktitle={2010 IEEE International Conference on Acoustics, Speech and Signal Processing},
	pages={4958--4961},
	year={2010},
	organization={IEEE}
}

@article{shum2013unsupervised,
	title={Unsupervised methods for speaker diarization: An integrated and iterative approach},
	author={Shum, Stephen H and Dehak, Najim and Dehak, R{\'e}da and Glass, James R},
	journal={IEEE Transactions on Audio, Speech, and Language Processing},
	volume={21},
	number={10},
	pages={2015--2028},
	year={2013},
	publisher={IEEE}
}

@inproceedings{rouvier2012global,
	title={A global optimization framework for speaker diarization.},
	author={Rouvier, Mickael and Meignier, Sylvain},
	booktitle={Odyssey},
	pages={146--150},
	year={2012}
}

@inproceedings{dupuy2014recent,
	title={Recent improvements on ilp-based clustering for broadcast news speaker diarization},
	author={Dupuy, Gr{\'e}gor and Meignier, Sylvain and Del{\'e}glise, Paul and Esteve, Yannick},
	booktitle={Proceedings of Odyssey},
	year={2014},
	organization={Citeseer}
}

@article{evans2012comparative,
	title={A comparative study of bottom-up and top-down approaches to speaker diarization},
	author={Evans, Nicholas and Bozonnet, Simon and Wang, Dong and Fredouille, Corinne and Troncy, Rapha{\"e}l},
	journal={IEEE Transactions on Audio, speech, and language processing},
	volume={20},
	number={2},
	pages={382--392},
	year={2012},
	publisher={IEEE}
}

@inproceedings{chen1998speaker,
	title={Speaker, environment and channel change detection and clustering via the bayesian information criterion},
	author={Chen, Scott and Gopalakrishnan, Ponani},
	booktitle={Proc. DARPA Broadcast News Transcription and Understanding Workshop},
	volume={8},
	pages={127--132},
	year={1998},
	organization={Virginia, USA}
}

@inproceedings{zhu2005combining,
	title={Combining speaker identification and BIC for speaker diarization.},
	author={Zhu, Xuan and Barras, Claude and Meignier, Sylvain and Gauvain, Jean-Luc},
	booktitle={INTERSPEECH},
	volume={5},
	pages={2441--2444},
	year={2005}
}

@inproceedings{solomonoff1998clustering,
	title={Clustering speakers by their voices},
	author={Solomonoff, Alex and Mielke, Angela and Schmidt, Michael and Gish, Herbert},
	booktitle={Acoustics, Speech and Signal Processing, 1998. Proceedings of the 1998 IEEE International Conference on},
	volume={2},
	pages={757--760},
	year={1998},
	organization={IEEE}
}

@inproceedings{siegler1997automatic,
	title={Automatic segmentation, classification and clustering of broadcast news audio},
	author={Siegler, Matthew A and Jain, Uday and Raj, Bhiksha and Stern, Richard M},
	booktitle={Proc. DARPA speech recognition workshop},
	volume={1997},
	year={1997}
}

@article{vijayasenan2009information,
	title={An information theoretic approach to speaker diarization of meeting data},
	author={Vijayasenan, Deepu and Valente, Fabio and Bourlard, Herv{\'e}},
	journal={IEEE transactions on audio, speech, and language processing},
	volume={17},
	number={7},
	pages={1382--1393},
	year={2009},
	publisher={IEEE}
}

@inproceedings{canseco2004speaker,
	title={Speaker diarization from speech transcripts},
	author={Canseco-Rodriguez, Leonardo and Lamel, Lori and Gauvain, Jean-Luc},
	year={2004},
	organization={ICSLP}
}

@inproceedings{friedland2009multi,
	title={Multi-modal speaker diarization of real-world meetings using compressed-domain video features},
	author={Friedland, Gerald and Hung, Hayley and Yeo, Chuohao},
	booktitle={2009 IEEE International Conference on Acoustics, Speech and Signal Processing},
	pages={4069--4072},
	year={2009},
	organization={IEEE}
}

@article{noulas2012multimodal,
	title={Multimodal speaker diarization},
	author={Noulas, Athanasios and Englebienne, Gwenn and Krose, Ben JA},
	journal={IEEE Transactions on Pattern Analysis and Machine Intelligence},
	volume={34},
	number={1},
	pages={79--93},
	year={2012},
	publisher={IEEE}
}

@inproceedings{shum2014limited,
	title={Limited labels for unlimited data: active learning for speaker recognition.},
	author={Shum, Stephen H and Dehak, Najim and Glass, James R},
	booktitle={INTERSPEECH},
	pages={383--387},
	year={2014}
}

@inproceedings{sinclair2013challenges,
	title={Where are the challenges in speaker diarization?},
	author={Sinclair, Mark and King, Simon},
	booktitle={2013 IEEE International Conference on Acoustics, Speech and Signal Processing},
	pages={7741--7745},
	year={2013},
	organization={IEEE}
}

@inproceedings{wenndt2012machine,
	title={Machine recognition vs human recognition of voices},
	author={Wenndt, Stanley J and Mitchell, Ronald L},
	booktitle={2012 IEEE International Conference on Acoustics, Speech and Signal Processing (ICASSP)},
	pages={4245--4248},
	year={2012},
	organization={IEEE}
}

@inproceedings{schmidt1998human,
	title={Human vs. machine speaker identification with telephone speech.},
	author={Schmidt-Nielsen, Astrid}
}

@inproceedings{guo2007optimistic,
	title={Optimistic Active-Learning Using Mutual Information.},
	author={Guo, Yuhong and Greiner, Russell},
	booktitle={IJCAI},
	volume={7},
	pages={823--829},
	year={2007}
}

@article{biswas2014active,
	title={Active image clustering with pairwise constraints from humans},
	author={Biswas, Arijit and Jacobs, David},
	journal={International Journal of Computer Vision},
	volume={108},
	number={1-2},
	pages={133--147},
	year={2014},
	publisher={Springer}
}

@inproceedings{vijayanarasimhan2010far,
	title={Far-sighted active learning on a budget for image and video recognition},
	author={Vijayanarasimhan, Sudheendra and Jain, Prateek and Grauman, Kristen},
	booktitle={Computer Vision and Pattern Recognition (CVPR), 2010 IEEE Conference on},
	pages={3035--3042},
	year={2010},
	organization={IEEE}
}

@inproceedings{basu2004active,
	title={Active Semi-Supervision for Pairwise Constrained Clustering.},
	author={Basu, Sugato and Banerjee, Arindam and Mooney, Raymond J},
	booktitle={SDM},
	volume={4},
	pages={333--344},
	year={2004},
	organization={SIAM}
}

@inproceedings{mallapragada2008active,
	title={Active query selection for semi-supervised clustering},
	author={Mallapragada, Pavan Kumar and Jin, Rong and Jain, Anil K},
	booktitle={Pattern Recognition, 2008. ICPR 2008. 19th International Conference on},
	pages={1--4},
	year={2008},
	organization={IEEE}
}

@inproceedings{budnik2016ocr,
	title={OCR-aided person annotation and label propagation for speaker modeling in TV shows},
	author={Budnik, Mateusz and Besacier, Laurent and Khodabakhsh, Ali and Demiroglu, Cenk},
	booktitle={2016 IEEE International Conference on Acoustics, Speech and Signal Processing (ICASSP)},
	pages={5570--5574},
	year={2016},
	organization={IEEE}
}

@inproceedings{mateusz2014active,
	title={Active selection with label propagation for minimizing human effort in speaker annotation of tv shows},
	author={Mateusz, Budnik and Poignant, Johann and Besacier, Laurent and Qu{\'e}not, Georges},
	booktitle={Workshop on Speech, Language and Audio in Multimedia (SLAM 2014)},
	pages={5--p},
	year={2014}
}

@article{huijbregts2008segmentation,
	title={Segmentation, diarization and speech transcription: surprise data unraveled},
	author={Huijbregts, Marijn Anthonius Henricus},
	year={2008},
	publisher={Centre for Telematics and Information Technology University of Twente}
}

@article{anguera2007acoustic,
	title={Acoustic beamforming for speaker diarization of meetings},
	author={Anguera, Xavier and Wooters, Chuck and Hernando, Javier},
	journal={IEEE Transactions on Audio, Speech, and Language Processing},
	volume={15},
	number={7},
	pages={2011--2022},
	year={2007},
	publisher={IEEE}
}

@inproceedings{janin2004icsi,
	title={The ICSI meeting project: Resources and research},
	author={Janin, Adam and Ang, Jeremy and Bhagat, Sonali and Dhillon, Rajdip and Edwards, Jane and Macias-Guarasa, Javier and Morgan, Nelson and Peskin, Barbara and Shriberg, Elizabeth and Stolcke, Andreas and others},
	booktitle={Proceedings of the 2004 ICASSP NIST Meeting Recognition Workshop},
	year={2004}
}

@inproceedings{vinyals2008towards,
	title={Towards semantic analysis of conversations: A system for the live identification of speakers in meetings},
	author={Vinyals, Oriol and Friedland, Gerald},
	booktitle={Semantic Computing, 2008 IEEE International Conference on},
	pages={426--431},
	year={2008},
	organization={IEEE}
}

@article{khan2004cluster,
	title={Cluster center initialization algorithm for K-means clustering},
	author={Khan, Shehroz S and Ahmad, Amir},
	journal={Pattern recognition letters},
	volume={25},
	number={11},
	pages={1293--1302},
	year={2004},
	publisher={Elsevier}
}

@inproceedings{mccowan2005ami,
	title={The AMI meeting corpus},
	author={McCowan, Iain and Carletta, Jean and Kraaij, W and Ashby, S and Bourban, S and Flynn, M and Guillemot, M and Hain, T and Kadlec, J and Karaiskos, V and others},
	booktitle={Proceedings of the 5th International Conference on Methods and Techniques in Behavioral Research},
	volume={88},
	year={2005}
}

@inproceedings{gonina2011fast,
	title={Fast speaker diarization using a high-level scripting language},
	author={Gonina, Ekaterina and Friedland, Gerald and Cook, Henry and Keutzer, Kurt},
	booktitle={Automatic Speech Recognition and Understanding (ASRU), 2011 IEEE Workshop on},
	pages={553--558},
	year={2011},
	organization={IEEE}
}

@inproceedings{zhou2000unsupervised,
	title={Unsupervised audio stream segmentation and clustering via the Bayesian information criterion},
	author={Zhou, Bowen and Hansen, John},
	booktitle={in Proc. ISCLP 2000},
	year={2000},
	organization={Citeseer}
}
